@inbook{aI,
author = {Professor Johan Quaegebeur},
title = {Analyse I},
year = {2015},
}
